@article{abdar2021review,
  title =	 {A Review of Uncertainty Quantification in Deep
                  Learning: Techniques, Applications and Challenges},
  author =	 {Abdar, M. and Pourpanah, F. and Hussain, S. and
                  Rezazadegan, D. and Liu, L. and Ghavamzadeh, M. and
                  Fieguth, P. and Cao, X. and Khosravi, A. and
                  Acharya, U.R. and Makarenkov, V. and Nahavandi, S.},
  journal =	 {Information Fusion},
  volume =	 76,
  pages =	 {243--297},
  year =	 2021
}

@inproceedings{alaa2020discriminative,
  author =	 {Ahmed Alaa and Mihaela van der Schaar},
  title =	 {Discriminative Jackknife: Quantifying Uncertainty in
                  Deep Learning via Influence Functions},
  booktitle =	 {Proceedings of the 37th International Conference on
                  Machine Learning (ICML)},
  year =	 2020,
  url =		 {https://arxiv.org/abs/2007.13481}
}

@article{alaa2020frequentist,
  author =	 {Ahmed Alaa and Mihaela van der Schaar},
  title =	 {Frequentist Uncertainty in Deep Learning via
                  Higher-Order Influence Functions},
  journal =	 {Proceedings of the National Academy of Sciences},
  year =	 2020,
  volume =	 117,
  number =	 41,
  pages =	 {25231--25236},
  url =		 {https://par.nsf.gov/servlets/purl/10298422}
}

@inproceedings{angelopoulos2021uncertainty,
  title =	 {Uncertainty Sets for Image Classifiers Using
                  Conformal Prediction},
  author =	 {Angelopoulos, A.N. and Bates, S. and Jordan,
                  M.I. and Zr{\'i}nyi, J.},
  booktitle =	 {International Conference on Learning Representations
                  (ICLR)},
  year =	 2021
}

@article{angelopoulos2023conformal,
  title =	 {Conformal Prediction: A Gentle Introduction},
  author =	 {Angelopoulos, A.N. and Bates, S.},
  journal =	 {Foundations and Trends in Machine Learning},
  volume =	 16,
  number =	 4,
  pages =	 {494--591},
  year =	 2023
}

@inproceedings{ashukha2020pitfalls,
  title =	 {Pitfalls of In-Domain Uncertainty Estimation and
                  Ensembling in Deep Learning},
  author =	 {Ashukha, A. and Lyzhov, A. and Molchanov, D. and
                  Vetrov, D.},
  booktitle =	 {International Conference on Learning Representations
                  (ICLR)},
  year =	 2020
}

@article{barber2021predictive,
  title =	 {Predictive Inference with the Jackknife+},
  author =	 {Barber, R.F. and Cand{\`e}s, E.J. and Ramdas, A. and
                  Tibshirani, R.J.},
  journal =	 {Annals of Statistics},
  volume =	 49,
  number =	 1,
  pages =	 {486--507},
  year =	 2021
}

@article{basu2020influence,
  author =	 {Sourav Basu and Daniel Fried and Jacob Steinhardt},
  title =	 {Influence Functions in Deep Learning Are Fragile},
  journal =	 {arXiv preprint},
  year =	 2020,
  url =		 {https://arxiv.org/abs/2006.14651}
}

@inproceedings{blundell2015weight,
  title =	 {Weight Uncertainty in Neural Networks},
  author =	 {Blundell, C. and Cornebise, J. and Kavukcuoglu,
                  K. and Wierstra, D.},
  booktitle =	 {Proceedings of the 32nd International Conference on
                  Machine Learning (ICML)},
  volume =	 37,
  pages =	 {1613--1622},
  year =	 2015
}

@article{chen2020jackknife,
  title =	 {Jackknife and Bootstrap Inference for
                  High-Dimensional De-Biased Lasso},
  author =	 {Chen, S.X. and Kato, K.},
  journal =	 {Journal of the American Statistical Association},
  volume =	 115,
  number =	 531,
  pages =	 {1316--1330},
  year =	 2020
}

@article{chernozhukov2014gaussian,
  author =	 {Victor Chernozhukov and Denis Chetverikov and Kengo
                  Kato},
  title =	 {Gaussian Approximation of Suprema of Empirical
                  Processes},
  journal =	 {Annals of Statistics},
  year =	 2014,
  volume =	 42,
  number =	 4,
  pages =	 {1564--1597},
  doi =		 {10.1214/14-AOS1221}
}

@book{efron1994introduction,
  title =	 {An Introduction to the Bootstrap},
  author =	 {Efron, B. and Tibshirani, R.J.},
  year =	 1994,
  publisher =	 {CRC Press}
}


@article{fort2019deep,
  title =	 {Deep Ensembles: A Loss Landscape Perspective},
  author =	 {Fort, S. and Hu, H. and Lakshminarayanan, B.},
  journal =	 {arXiv preprint arXiv:1912.02757},
  year =	 2019,
  pages =	 {1--16},
  note =	 {Available at \url{https://arxiv.org/abs/1912.02757}}
}

@inproceedings{gal2016dropout,
  title =	 {Dropout as a Bayesian Approximation: Representing
                  Model Uncertainty in Deep Learning},
  author =	 {Gal, Y. and Ghahramani, Z.},
  booktitle =	 {Proceedings of the 33rd International Conference on
                  Machine Learning (ICML)},
  volume =	 48,
  pages =	 {1050--1059},
  year =	 2016
}

@inproceedings{guo2017calibration,
  title =	 {On Calibration of Modern Neural Networks},
  author =	 {Guo, C. and Pleiss, G. and Sun, Y. and Weinberger,
                  K.Q.},
  booktitle =	 {Proceedings of the 34th International Conference on
                  Machine Learning (ICML)},
  volume =	 70,
  pages =	 {1321--1330},
  year =	 2017
}

@inproceedings{huang2021confidence,
  title =	 {Confidence-Aware Learning for Deep Neural Networks},
  author =	 {Huang, Z. and Yang, J. and Zhou, S.K.},
  booktitle =	 {Proceedings of the IEEE/CVF International Conference
                  on Computer Vision (ICCV)},
  pages =	 {5719--5728},
  year =	 2021
}

@article{huang2021data,
  author =	 {Chengrun Huang and Henry Lam and Jianfeng Zhang},
  title =	 {Data-driven and Procedural Uncertainty
                  Quantification in Deep Learning},
  journal =	 {arXiv preprint},
  year =	 2021,
  url =		 {https://arxiv.org/abs/2110.12122}
}

@article{kendall2017uncertainties,
  title =	 {What Uncertainties Do We Need in Bayesian Deep
                  Learning for Computer Vision?},
  author =	 {Kendall, A. and Gal, Y.},
  journal =	 {Advances in Neural Information Processing Systems
                  (NeurIPS)},
  volume =	 30,
  year =	 2017
}

@inproceedings{koh2017understanding,
  author =	 {Pang Wei Koh and Percy Liang},
  title =	 {Understanding Black-box Predictions via Influence
                  Functions},
  booktitle =	 {Proceedings of the 34th International Conference on
                  Machine Learning (ICML)},
  year =	 2017,
  pages =	 {1885--1894},
  url =		 {https://arxiv.org/abs/1703.04730}
}

@inproceedings{kuleshov2018accurate,
  title =	 {Accurate Uncertainties for Deep Learning Using
                  Calibrated Regression},
  author =	 {Kuleshov, V. and Fenner, N. and Ermon, S.},
  booktitle =	 {International Conference on Machine Learning (ICML)},
  year =	 2018
}

@inproceedings{kull2017beta,
  title =	 {Beta Calibration: A Well-Founded and Easily
                  Implemented Improvement on Logistic Calibration for
                  Binary Classifiers},
  author =	 {Kull, M. and De Menezes E Silva Filho, T. and Flach,
                  P.},
  booktitle =	 {AISTATS},
  year =	 2017
}

@inproceedings{kull2019beyond,
  title =	 {Beyond Temperature Scaling: Obtaining
                  Well-Calibrated Multi-Class Probabilities with
                  Dirichlet Calibration},
  author =	 {Kull, M. and Perell{\'o}-Nieto, M. and
                  K{\"a}{\"a}rik, R.  and Flach, P.},
  booktitle =	 {Advances in Neural Information Processing Systems
                  (NeurIPS)},
  year =	 2019
}

@book{lahiri2003resampling,
  title =	 {Resampling Methods for Dependent Data},
  author =	 {Lahiri, S.N.},
  year =	 2003,
  publisher =	 {Springer}
}

@inproceedings{lakshminarayanan2017simple,
  title =	 {Simple and Scalable Predictive Uncertainty
                  Estimation Using Deep Ensembles},
  author =	 {Lakshminarayanan, B. and Pritzel, A. and Blundell,
                  C.},
  booktitle =	 {Advances in Neural Information Processing Systems
                  (NeurIPS)},
  volume =	 30,
  year =	 2017
}

@article{lei2018distribution,
  title =	 {Distribution-Free Predictive Inference for
                  Regression},
  author =	 {Lei, J. and Gâ€™Sell, M. and Rinaldo, A. and
                  Tibshirani, R.J. and Wasserman, L.},
  journal =	 {Journal of the American Statistical Association},
  volume =	 113,
  number =	 523,
  pages =	 {1094--1111},
  year =	 2018
}

@article{mehrtash2020confidence,
  title =	 {Confidence Calibration and Predictive Uncertainty
                  Estimation for Deep Medical Image Segmentation},
  author =	 {Mehrtash, A. and Sedghi, A. and Ghafoorian, M. and
                  Taghipour, M. and Tempany, C.M. and Abolmaesumi,
                  P. and Wells, W.M. and Kapur, T. and Mousavi, P.},
  journal =	 {IEEE Transactions on Medical Imaging},
  volume =	 39,
  number =	 12,
  pages =	 {3868--3878},
  year =	 2020
}

@inproceedings{muller2019when,
  title =	 {When Does Label Smoothing Help?},
  author =	 {M{\"u}ller, R. and Kornblith, S. and Hinton, G.E.},
  booktitle =	 {Advances in Neural Information Processing Systems
                  (NeurIPS)},
  year =	 2019
}

@inproceedings{ovadia2019can,
  title =	 {Can You Trust Your Model's Uncertainty? Evaluating
                  Predictive Uncertainty under Dataset Shift},
  author =	 {Ovadia, Y. and Fertig, E. and Ren, J. and Nado,
                  Z. and Sculley, D.  and Nowozin, S. and Dillon,
                  J.V. and Lakshminarayanan, B.  and Snoek, J.},
  booktitle =	 {Advances in Neural Information Processing Systems
                  (NeurIPS)},
  year =	 2019
}

@inproceedings{papadopoulos2007conformal,
  title =	 {Conformal Prediction with Neural Networks},
  author =	 {Papadopoulos, H. and Proedrou, K. and Vovk, V. and
                  Gammerman, A.},
  booktitle =	 {International Conference on Artificial Neural
                  Networks (ICANN)},
  pages =	 {347--356},
  year =	 2007,
  publisher =	 {Springer}
}

@inproceedings{park2022pac,
  title =	 {PAC Conformal Prediction for Reliable Uncertainty
                  Quantification},
  author =	 {Park, Y. and Jeong, M. and Heo, J. and Yang, E. and
                  Kim, S.},
  booktitle =	 {Proceedings of the 39th International Conference on
                  Machine Learning (ICML)},
  pages =	 {17482--17499},
  year =	 2022
}

@article{praestgaard1993exchangeably,
  author =	 {Jens Praestgaard and Jon A. Wellner},
  title =	 {Exchangeably Weighted Bootstraps of the General
                  Empirical Process},
  journal =	 {Annals of Probability},
  year =	 1993,
  volume =	 21,
  number =	 4,
  pages =	 {2053--2086},
  doi =		 {10.1214/aop/1176989118}
}

@article{pruthi2020estimating,
  author =	 {Garima Pruthi and Frederick Liu and Satyen Kale and
                  Mukund Sundararajan},
  title =	 {Estimating Training Data Influence by Tracing
                  Gradient Descent},
  journal =	 {arXiv preprint},
  year =	 2020,
  url =		 {https://arxiv.org/abs/2002.08484}
}

@inproceedings{romano2019conformalized,
  title =	 {Conformalized Quantile Regression},
  author =	 {Romano, Y. and Patterson, E. and Cand{\`e}s, E.J.},
  booktitle =	 {Advances in Neural Information Processing Systems
                  (NeurIPS)},
  volume =	 32,
  year =	 2019
}

@inproceedings{stutz2022conformal,
  title =	 {Conformal Prediction Sets Improve
                  Out-of-Distribution Robustness},
  author =	 {Stutz, D. and Wilson, A.G. and Krishnan, D.},
  booktitle =	 {Proceedings of the 39th International Conference on
                  Machine Learning (ICML)},
  pages =	 {20654--20679},
  year =	 2022
}

@inproceedings{thulasidasan2019mixup,
  title =	 {On Mixup Training: Improved Calibration and
                  Predictive Uncertainty for Deep Neural Networks},
  author =	 {Thulasidasan, S. and Chennupati, G. and Bilmes, J.
                  and Bhattacharya, T. and Michalak, S.},
  booktitle =	 {Advances in Neural Information Processing Systems
                  (NeurIPS)},
  pages =	 {13888--13899},
  year =	 2019
}

@inproceedings{tibshirani2019conformal,
  title =	 {Conformal Prediction Under Covariate Shift},
  author =	 {Tibshirani, R.J. and Barber, R.F. and Cand{\`e}s,
                  E.J. and Ramdas, A.},
  booktitle =	 {Advances in Neural Information Processing Systems
                  (NeurIPS)},
  volume =	 32,
  year =	 2019
}

@book{vandervaart1996weak,
  author =	 {Aad van der Vaart and Jon A. Wellner},
  title =	 {Weak Convergence and Empirical Processes: With
                  Applications to Statistics},
  publisher =	 {Springer},
  year =	 1996,
  isbn =	 {978-1-4612-0649-2}
}

@book{vovk2005algorithmic,
  title =	 {Algorithmic Learning in a Random World},
  author =	 {Vovk, V. and Gammerman, A. and Shafer, G.},
  year =	 2005,
  publisher =	 {Springer}
}

@article{zhan2021uncertainty,
  author =	 {Eileen Zhan and Michael Kitchin},
  title =	 {Uncertainty Quantification in Machine Learning:
                  Application of the Delta Method},
  journal =	 {AIChE Journal},
  year =	 2021,
  volume =	 67,
  number =	 9,
  pages =	 {e17516},
  doi =		 {10.1002/aic.17516},
  url =		 {https://doi.org/10.1002/aic.17516}
}

@article{zhou2012multiplier,
  title =	 {Inference for Change Point in High Dimensional Data
                  via Multiplier Bootstrap},
  author =	 {Zhou, Z. and Shao, X.},
  journal =	 {Annals of Statistics},
  volume =	 40,
  number =	 6,
  pages =	 {2647--2678},
  year =	 2012
}
